3057 3475
785 452 2040 129 Je voudrais, avec le docteur Pascal, ré¬

465.0 642.0 2327.0 143.0 sumer toute la signification philosophique de,

451 797 2285 183 la serie. Je crois y avoir mis, malgrè le noir

413 986 2352 166 pessimisme qui s'y trouve, un grand amour

422.0 1123.0 2329.0 131.0 de la vie, en en exaltant continuellement

434 1432 2312 188 l'effort continu avec passion,  ⟦.⟧ malgrè

428 1268 2333 178 J'ai aime la vie, j'en ai montré

440.0 1592.0 2286.0 133.0 tout le mal, tout l'ecœurement qu'elle

403.0 1743.0 2281.0 156.0 peut contenir. Et c'est de cela que je

411.0 1903.0 2269.0 154.0 voudrai tirer peut-être cette conclusion !

415 2079 2346 168 Je ne me suis pas plu à ces tableaux,

428 2218 2316 159 ne les ai pas étalès par perver-

386.0 2376.0 2329.0 158.0 sion mais pour montrer bravement

424 2545 2298 153 ce qui est, pour arriver à dire que

384.0 2710.0 2371.0 151.0 malgrè tout la vie est grande et bon-

384 2870 2242 149 ne, puisqu'on la vit  ⟦.⟧ avec tout

405.0 3031.0 2295.0 157.0 atachement. – Il faudrait donc
